@book{stein2011fourier,
  title={Fourier analysis: an introduction},
  author={Stein, Elias M and Shakarchi, Rami},
  volume={1},
  year={2011},
  publisher={Princeton University Press}
}